@inproceedings{afshar2013cfd,
  title={CFD and experimental study of convectional heat transfer in free falling particle curtains},
  author={Afshar, Sepideh and Sheehan, Madoc and Simos, Theodore and Psihoyios, George and Tsitouras, Ch},
  booktitle={AIP Conference Proceedings},
  volume={1558},
  number={1},
  pages={2005--2008},
  year={2013},
  organization={AIP}
}
