
@PhdThesis{AfsharCurtainPhd,
author = {Afshar, Sepideh},
title = {Modelling and infrared thermal imagery of hot particle curtains},
school = {James Cook University},
year = {2015},
howpublished={\url{http://researchonline.jcu.edu.au/45964/}},
}

@PhdThesis{AndrewLeePhd,
author = {Andrew, Lee},
title = {Modelling the Solids Transport Phenomena Within Flighted Rotary Dryers},
school = {James Cook University},
year = {2008},
howpublished={\url{http://researchonline.jcu.edu.au/2066/}},
}

@article{christian2015system,
  title={System design of a 1 MW north-facing, solid particle receiver},
  author={Christian, J and Ho, C},
  journal={Energy Procedia},
  volume={69},
  pages={340--349},
  year={2015},
  publisher={Elsevier}
}

@article{viebahn2011potential,
  title={The potential role of concentrated solar power (CSP) in Africa and Europeâ€”A dynamic assessment of technology development, cost development and life cycle inventories until 2050},
  author={Viebahn, Peter and Lechon, Yolanda and Trieb, Franz},
  journal={Energy Policy},
  volume={39},
  number={8},
  pages={4420--4430},
  year={2011},
  publisher={Elsevier}
}

@book{bergman2011fundamentals,
	title={Fundamentals of Heat and Mass Transfer, 7th Edition},
	author={Bergman, T.L. and Lavine, A.S. and Incropera, F.P.},
	isbn={9781118137253},
	url={https://books.google.com.au/books?id=5cgbAAAAQBAJ},
	year={2011},
	publisher={John Wiley \& Sons, Incorporated}
}

@article{fundementalsParticleTransport,
	title={A Fundamental Study on Particle Transport Through Rotary Dryers for Flight Design and Systems Optimisation.},
	author={F.Y. Wang, I.T.Cameron, J.D Lister and V. Rudolph},
	journal={Drying Technology: An International Journal},
	volume={13},
	number={5-7},
	pages={1261--1278},
	year={1995},
}

@article{wardjiman2009heat,
	title={Heat transfer in a particle curtain falling through a horizontally-flowing gas stream},
	author={Wardjiman, Chrestella and Rhodes, Martin},
	journal={Powder Technology},
	volume={191},
	number={3},
	pages={247--253},
	year={2009},
	publisher={Elsevier}
}

